<?xml version="1.0" encoding="UTF-8"?><collection xmlns="http://www.loc.gov/MARC21/slim"><record><leader>00384nam--2200145-i-4500</leader><controlfield tag="001">000009913</controlfield><controlfield tag="002">20161230</controlfield><controlfield tag="005">20161230201028</controlfield><controlfield tag="008">060222s1000------------r-----000-0-eng-d</controlfield><datafield ind1=" " ind2=" " tag="100"><subfield code="a">Borkovec, Alexej B</subfield></datafield><datafield ind1=" " ind2=" " tag="245"><subfield code="a">Insect chemosterilants</subfield></datafield><datafield ind1=" " ind2=" " tag="260"><subfield code="a">New York, Interscience Publ., 1966. X+143 P</subfield></datafield><datafield ind1=" " ind2=" " tag="490"><subfield code="a">Advances In Pest Control Research</subfield></datafield><datafield ind1=" " ind2=" " tag="700"><subfield code="a">Metcalf, R.L</subfield></datafield><datafield ind1=" " ind2=" " tag="852"><subfield code="a">35938</subfield></datafield></record></collection>